02RETORNO01COBRANCA       00000000000004268710INST BRAS DE ADMINISTRACAO MUN237BRADESCO       1404160160000000523                                                                                                                                                                                                                                                                          150416         000001
1023364548200019600000060336900000132                         000000000000000563340000000000000000000000000606140416          00000000000000056334000000000000001800000100754  000000000000000000000000000000000000000000000000000000000000000000000000000000000000001800000000000000000000000000000   150416             00000000000000                                                                  000002
1023364548200019600000060336900000132                         000000000000000563420000000000000000000000000606140416          00000000000000056342000000000000001620000100754  000000000000000000000000000000000000000000000000000000000000000000000000000000000000001620000000000000000000000000000   150416             00000000000000                                                                  000003
1023364548200019600000060336900000132                         000000000000000563500000000000000000000000000606140416          00000000000000056350000000000000001800000100754  000000000000000000000000000000000000000000000000000000000000000000000000000000000000001800000000000000000000000000000   150416             00000000000000                                                                  000004
1023364548200019600000060336900000132                         000000000000000564150000000000000000000000000606140416          00000000000000056415000000000000001800010401558  000000000000000000000000000000000000000000000000000000000000000000000000000000000000001800000000000000000000000000000   150416             00000000000000                                                                  000005
9201237          000000040000000007020000000523          00000000000000000000000070200000040000000702000000000000000000000000000000000000000000000000000000000000000000000000000000000000000                                                                                                                                                                              00000000000000000000000         000006
